@book {MaDo92,
	AUTHOR = {Margalef Roig, Juan and Outerelo Dom\'{i}nguez, Enrique},
	TITLE = {Differential topology},
	SERIES = {North-Holland Mathematics Studies},
	VOLUME = {173},
	NOTE = {With a preface by Peter W. Michor},
	PUBLISHER = {North-Holland Publishing Co., Amsterdam},
	YEAR = {1992},
	PAGES = {xvi+603},
	ISBN = {0-444-88434-3},
}

@article{jardine2002cubical,
	title={Cubical homotopy theory: a beginning},
	author={Jardine, John F},
	journal={preprint},
	year={2002},
	url = {https://www.medina-mardones.com/wp-content/uploads/2023/03/jardine-cubical-homotopy-theory.pdf}
}

@book{kaczynski2006computational,
	title={Computational homology},
	author={Kaczynski, Tomasz and Mischaikow, Konstantin and Mrozek, Marian},
	volume={157},
	year={2006},
	publisher={Springer Science \& Business Media},
	url = {http://dx.doi.org/10.1007/b97315}
}

@ARTICLE{chas1999string,
	author = {{Chas}, Moira and {Sullivan}, Dennis},
	title = "{String Topology}",
	journal = {arXiv preprint},
	year = {1999},
	archivePrefix = {arXiv},
	eprint = {math/9911159},
}

@book{BoTu82,
	author = {Bott, Raoul and Tu, Loring W.},
	isbn = {0-387-90613-4},
	pages = {xiv+331},
	publisher = {Springer-Verlag, New York-Berlin},
	series = {Graduate Texts in Mathematics},
	title = {Differential forms in algebraic topology},
	volume = {82},
	year = {1982},
	url = {http://dx.doi.org/10.1007/978-1-4757-3951-0}
}

@article{BCSS05,
	author = {Budney, Ryan and Conant, James and Scannell, Kevin P. and Sinha, Dev},
	doi = {10.1016/j.aim.2004.03.004},
	fjournal = {Advances in Mathematics},
	issn = {0001-8708},
	journal = {Adv. Math.},
	number = {1},
	pages = {78--113},
	title = {New perspectives on self-linking},
	url = {http://dx.doi.org/10.1016/j.aim.2004.03.004},
	volume = {191},
	year = {2005},
	Bdsk-Url-1 = {http://dx.doi.org/10.1016/j.aim.2004.03.004}}

@article{SiWa13,
	author = {Sinha, Dev and Walter, Ben},
	doi = {10.1090/S0002-9947-2012-05654-6},
	fjournal = {Transactions of the American Mathematical Society},
	issn = {0002-9947},
	journal = {Trans. Amer. Math. Soc.},
	number = {2},
	pages = {861--883},
	title = {Lie coalgebras and rational homotopy theory {II}: {H}opf invariants},
	url = {http://dx.doi.org/10.1090/S0002-9947-2012-05654-6},
	volume = {365},
	year = {2013},
}

@article{BCKS17,
	author = {Budney, Ryan and Conant, James and Koytcheff, Robin and Sinha, Dev},
	fjournal = {Algebraic \& Geometric Topology},
	issn = {1472-2747},
	journal = {Algebr. Geom. Topol.},
	number = {3},
	pages = {1701--1742},
	title = {Embedding calculus knot invariants are of finite type},
	url = {https://doi.org/10.2140/agt.2017.17.1701},
	volume = {17},
	year = {2017},
}

@article{Thom54,
	author = {Thom, Ren\'{e}},
	doi = {10.1007/BF02566923},
	fjournal = {Commentarii Mathematici Helvetici},
	issn = {0010-2571},
	journal = {Comment. Math. Helv.},
	mrreviewer = {W. S. Massey},
	pages = {17--86},
	title = {Quelques propri\'{e}t\'{e}s globales des vari\'{e}t\'{e}s diff\'{e}rentiables},
	url = {https://doi-org.libproxy.uoregon.edu/10.1007/BF02566923},
	volume = {28},
	year = {1954},
}

@article{Quil71,
	author = {Quillen, Daniel},
	date-added = {2020-12-19 09:53:23 -0500},
	date-modified = {2020-12-19 09:53:29 -0500},
	doi = {10.1016/0001-8708(71)90041-7},
	fjournal = {Advances in Mathematics},
	issn = {0001-8708},
	journal = {Advances in Math.},
	pages = {29--56 (1971)},
	title = {Elementary proofs of some results of cobordism theory using {S}teenrod operations},
	url = {http://dx.doi.org/10.1016/0001-8708(71)90041-7},
	volume = {7},
	year = {1971},
}

@incollection{Doua61,
	author = {Douady, Adrien},
	booktitle = {S\'{e}minaire {H}enri {C}artan, 1961/62, {E}xp. 1},
	pages = {11},
	publisher = {Secr\'{e}tariat math\'{e}matique, Paris},
	title = {Vari\'{e}t\'{e}s \`a bord anguleux et voisinages tubulaires},
	year = {1961/1962}
}

@incollection{FeSj83,
	author = {Fenn, Roger and Sjerve, Denis},
	booktitle = {Low-dimensional topology ({S}an {F}rancisco, {C}alif., 1981)},
	doi = {10.1090/conm/020/718135},
	mrclass = {57Q99 (55N35 57Q50)},
	mrnumber = {718135},
	pages = {79--102},
	publisher = {Amer. Math. Soc., Providence, RI},
	series = {Contemp. Math.},
	title = {Geometric cohomology theory},
	url = {http://dx.doi.org/10.1090/conm/020/718135},
	volume = {20},
	year = {1983},
}

@article{Whit47,
	author = {Whitney, Hassler},
	doi = {10.1073/pnas.33.1.7},
	fjournal = {Proceedings of the National Academy of Sciences of the United States of America},
	issn = {0027-8424},
	journal = {Proc. Nat. Acad. Sci. U.S.A.},
	pages = {7--9},
	title = {Geometric methods in cohomology theory},
	url = {http://dx.doi.org/10.1073/pnas.33.1.7},
	volume = {33},
	year = {1947},
}

@article{Zing08,
	author = {Zinger, Aleksey},
	doi = {10.1090/S0002-9947-07-04440-6},
	fjournal = {Transactions of the American Mathematical Society},
	issn = {0002-9947},
	journal = {Trans. Amer. Math. Soc.},
	number = {5},
	pages = {2741--2765},
	title = {Pseudocycles and integral homology},
	url = {http://dx.doi.org/10.1090/S0002-9947-07-04440-6},
	volume = {360},
	year = {2008},
}

@article{Kahn01,
	journal = {arXiv preprint},
	author = {Peter J. Kahn},
	eprint = {0111223},
	primaryclass = {math.AT},
	title = {Pseudohomology and homology},
	year = {2001}
}

@book{Krec10,
	author = {Kreck, Matthias},
	note = {From stratifolds to exotic spheres},
	publisher = {American Mathematical Society, Providence, RI},
	series = {Graduate Studies in Mathematics},
	title = {Differential algebraic topology},
	url = {http://dx.doi.org/10.1090/gsm/110},
	volume = {110},
	year = {2010},
}

@book{BRS76,
	author = {Buoncristiano, S. and Rourke, C. P. and Sanderson, B. J.},
	note = {London Mathematical Society Lecture Note Series, No. 18},
	publisher = {Cambridge University Press, Cambridge-New York-Melbourne},
	title = {A geometric approach to homology theory},
	year = {1976},
	url = {https://doi.org/10.1017/CBO9780511662669}
}

@article{BoJo17,
	author = {Borisov, Dennis and Joyce, Dominic},
	doi = {10.2140/gt.2017.21.3231},
	fjournal = {Geometry \& Topology},
	issn = {1465-3060},
	journal = {Geom. Topol.},
	mrreviewer = {Hsian-Hua Tseng},
	number = {6},
	pages = {3231--3311},
	title = {Virtual fundamental classes for moduli spaces of sheaves on {C}alabi-{Y}au four-folds},
	url = {http://dx.doi.org/10.2140/gt.2017.21.3231},
	volume = {21},
	year = {2017},
}

@book{Lipy08,
	author = {Lipyanskiy, Maksim},
	mrclass = {Thesis},
	note = {Thesis (Ph.D.)--Massachusetts Institute of Technology},
	title = {A semi-infinite cycle construction of {F}loer homology},
	year = {2008},
	url = {https://dspace.mit.edu/handle/1721.1/43785}
}

@phdthesis{Thor18,
	author = {Thorngren, Ryan},
	school = {UC Berkeley},
	title = {Combinatorial Topology and Applications to Quantum Field Theory},
	year = {2018},
	url = {https://escholarship.org/uc/item/7r44w49f},
}

@article{Tata20,
	journal = {arXiv preprint},
	author = {Sri Tata},
	eprint = {2008.10170},
	title = {Geometrically Interpreting Higher Cup Products, and Application to Combinatorial Pin Structures},
	year = {2020},
}

@article{Joyc15,
	journal = {arXiv preprint},
	author = {Dominic Joyce},
	eprint = {1509.05672},
	primaryclass = {math.AT},
	title = {Some new homology and cohomology theories of manifolds and orbifolds},
	year = {2015}
}

@ARTICLE{Lipy14,
	author = {{Lipyanskiy}, Max},
	title = "{Geometric Homology}",
	journal = {arXiv preprint},
	year = {2014},
	archivePrefix = {arXiv},
	eprint = {1409.1121},
}

@incollection{Joy12,
	author = {Joyce, Dominic},
	booktitle = {Advances in geometric analysis},
	pages = {225--258},
	publisher = {Int. Press, Somerville, MA},
	series = {Adv. Lect. Math. (ALM)},
	title = {On manifolds with corners},
	volume = {21},
	year = {2012},
	url = {https://arxiv.org/abs/0910.3518}
}

@book{Munk66,
	author = {Munkres, James R.},
	publisher = {Princeton University Press, Princeton, N.J.},
	series = {Lectures given at Massachusetts Institute of Technology, Fall},
	title = {Elementary differential topology},
	volume = {1961},
	year = {1966}
}

@article{ShSh92,
	author = {Shtan'ko, M. A. and Shtogrin, M. I.},
	doi = {10.1070/RM1992v047n01ABEH000872},
	fjournal = {Uspekhi Matematicheskikh Nauk},
	issn = {0042-1316},
	journal = {Uspekhi Mat. Nauk},
	title = {Embedding cubic manifolds and complexes into a cubic lattice},
	volume = {47},
	year = {1992},
	url = {http://dx.doi.org/10.1070/RM1992v047n01ABEH000872},
}

@article{Jard02,
	author = {Jardine, John F},
	journal = {preprint},
	publisher = {Citeseer},
	title = {Cubical homotopy theory: a beginning},
	year = {2002}
}

@book{Munk84,
	author = {Munkres, James R.},
	publisher = {Addison-Wesley Publishing Company, Menlo Park, CA},
	title = {Elements of algebraic topology},
	year = {1984},
	url = {http://dx.doi.org/10.1201/9780429493911}
}

@book{GuPo74,
	author = {Guillemin, Victor and Pollack, Alan},
	pages = {xvi+222},
	publisher = {Prentice-Hall, Inc., Englewood Cliffs, N.J.},
	title = {Differential topology},
	year = {1974},
	url = {http://dx.doi.org/10.1090/chel/370}
}

@book{Hat02,
	author = {Hatcher, Allen},
	publisher = {Cambridge University Press, Cambridge},
	title = {Algebraic topology},
	year = {2002},
	url = {https://pi.math.cornell.edu/~hatcher/AT/ATpage.html}
}

@book{Spa81,
	author = {Spanier, Edwin H.},
	note = {Corrected reprint},
	publisher = {Springer-Verlag, New York-Berlin},
	title = {Algebraic topology},
	year = {1981}
}

@book{Dol72,
	author = {Albrecht Dold},
	publisher = {Springer-Verlag},
	title = {Lectures on Algebraic Topology},
	year = {1972},
	url = {http://dx.doi.org/10.1007/978-3-662-00756-3}
}

@unpublished{FMS-foundations,
	author={Greg Friedman and Anibal Medina-Mardones and Dev Sinha},
	title={Co-orientations, pull-back products, and the foundations of geometric cohomology},
	note={In preparation}
}

@article {Krec10b,
	AUTHOR = {Kreck, Matthias and Singhof, Wilhelm},
	TITLE = {Homology and cohomology theories on manifolds},
	JOURNAL = {M\"{u}nster J. Math.},
	FJOURNAL = {M\"{u}nster Journal of Mathematics},
	VOLUME = {3},
	YEAR = {2010},
	PAGES = {1--9},
	url = {https://www.uni-muenster.de/FB10/mjm/vol_3/mjm_vol_3_01.pdf}
}

@ARTICLE{McCl06,
	AUTHOR = {McClure, J. E.},
	TITLE = {On the chain-level intersection pairing for {PL} manifolds},
	JOURNAL = {Geom. Topol.},
	FJOURNAL = {Geometry and Topology},
	VOLUME = {10},
	YEAR = {2006},
	PAGES = {1391--1424},
	URL = {http://dx.doi.org/10.2140/gt.2006.10.1391}
}

@article {Wilson,
	AUTHOR = {Wilson, Scott O.},
	TITLE = {Rectifying partial algebras over operads of complexes},
	JOURNAL = {Topology Appl.},
	FJOURNAL = {Topology and its Applications},
	VOLUME = {157},
	YEAR = {2010},
	NUMBER = {18},
	PAGES = {2880--2888},
	URL = {http://dx.doi.org/10.1016/j.topol.2010.09.009},
}

@article {Wils10,
	AUTHOR = {Wilson, Scott O.},
	TITLE = {Rectifying partial algebras over operads of complexes},
	JOURNAL = {Topology Appl.},
	FJOURNAL = {Topology and its Applications},
	VOLUME = {157},
	YEAR = {2010},
	NUMBER = {18},
	PAGES = {2880--2888},
	URL = {http://dx.doi.org/10.1016/j.topol.2010.09.009},
}